<record><leader>00000cas a2200000 a 4500</leader><controlfield tag="001">10365636</controlfield><controlfield tag="008">840202d18391863msudn ne      0    0eng  </controlfield><datafield ind1=" " ind2=" " tag="010"><subfield code="a">sn 84020127 </subfield></datafield><datafield ind1=" " ind2=" " tag="040"><subfield code="a">DLC</subfield><subfield code="b">eng</subfield><subfield code="c">DLC</subfield><subfield code="d">NPY</subfield><subfield code="d">NPA</subfield><subfield code="d">OCL</subfield><subfield code="d">MSJ</subfield><subfield code="d">DLC</subfield><subfield code="d">OCL</subfield><subfield code="d">MSJ</subfield><subfield code="d">ANU</subfield><subfield code="d">CNK</subfield><subfield code="d">NVF</subfield><subfield code="d">FUG</subfield><subfield code="d">NVK</subfield><subfield code="d">OCL</subfield><subfield code="d">CRL</subfield><subfield code="d">CUI</subfield><subfield code="d">DLC</subfield><subfield code="d">OCLCQ</subfield><subfield code="d">OCLCF</subfield></datafield><datafield ind1=" " ind2=" " tag="012"><subfield code="b">3</subfield></datafield><datafield ind1=" " ind2=" " tag="019"><subfield code="a">10327867</subfield><subfield code="a">15233438</subfield><subfield code="a">15233447</subfield></datafield><datafield ind1="1" ind2=" " tag="029"><subfield code="a">AU@</subfield><subfield code="b">000020128583</subfield></datafield><datafield ind1=" " ind2=" " tag="042"><subfield code="a">pcc</subfield></datafield><datafield ind1=" " ind2=" " tag="043"><subfield code="a">n-us-ms</subfield></datafield><datafield ind1="0" ind2="0" tag="050"><subfield code="a">Newspaper</subfield></datafield><datafield ind1=" " ind2="4" tag="050"><subfield code="a">AN</subfield></datafield><datafield ind1="0" ind2="0" tag="245"><subfield code="a">Vicksburg daily Whig.</subfield></datafield><datafield ind1="1" ind2="3" tag="246"><subfield code="a">Daily Vicksburg Whig</subfield></datafield><datafield ind1="1" ind2="3" tag="246"><subfield code="a">Vicksburg Whig</subfield></datafield><datafield ind1="1" ind2="3" tag="246"><subfield code="a">Tri-weekly Vicksburg Whig</subfield></datafield><datafield ind1="1" ind2="3" tag="246"><subfield code="a">Vicksburg tri-weekly Whig</subfield></datafield><datafield ind1=" " ind2=" " tag="260"><subfield code="a">Vicksburg, Miss. :</subfield><subfield code="b">M. Shannon &amp; W.H. M'Cardle,</subfield><subfield code="c">1839-1863.</subfield></datafield><datafield ind1=" " ind2=" " tag="300"><subfield code="a">v. :</subfield><subfield code="b">ill. ;</subfield><subfield code="c">51-57 cm.</subfield></datafield><datafield ind1=" " ind2=" " tag="310"><subfield code="a">Daily (except Sunday &amp; Monday)</subfield></datafield><datafield ind1="0" ind2=" " tag="362"><subfield code="a">Vol. 1, no. 1 (Jan. 3, 1839)-v. 24, no. 88 (May 5, 1863).</subfield></datafield><datafield ind1=" " ind2=" " tag="500"><subfield code="a">Sometimes published as Daily Vicksburg Whig, Vicksburg Whig, Vicksburg tri-weekly Whig, and Tri-weekly Vicksburg Whig.</subfield></datafield><datafield ind1=" " ind2=" " tag="500"><subfield code="a">Frequency varies between daily (except Sunday)--and triweekly, 1839-1855.</subfield></datafield><datafield ind1=" " ind2=" " tag="530"><subfield code="a">Available on microfilm from Bell &amp; Howell.</subfield></datafield><datafield ind1=" " ind2=" " tag="580"><subfield code="a">Weekly ed.: Vicksburg Whig.</subfield></datafield><datafield ind1=" " ind2="0" tag="651"><subfield code="a">Vicksburg (Miss.)</subfield><subfield code="v">Newspapers.</subfield></datafield><datafield ind1=" " ind2="0" tag="651"><subfield code="a">Warren County (Miss.)</subfield><subfield code="v">Newspapers.</subfield></datafield><datafield ind1=" " ind2="7" tag="655"><subfield code="a">Newspapers.</subfield><subfield code="2">fast</subfield><subfield code="0">(OCoLC)fst01423814</subfield></datafield><datafield ind1=" " ind2="7" tag="651"><subfield code="a">Mississippi</subfield><subfield code="z">Vicksburg.</subfield><subfield code="2">fast</subfield><subfield code="0">(OCoLC)fst01204951</subfield></datafield><datafield ind1=" " ind2="7" tag="651"><subfield code="a">Mississippi</subfield><subfield code="z">Warren County.</subfield><subfield code="2">fast</subfield><subfield code="0">(OCoLC)fst01218302</subfield></datafield><datafield ind1=" " ind2=" " tag="752"><subfield code="a">United States</subfield><subfield code="b">Mississippi</subfield><subfield code="c">Warren</subfield><subfield code="d">Vicksburg.</subfield></datafield><datafield ind1="1" ind2=" " tag="775"><subfield code="t">Vicksburg Whig</subfield><subfield code="w">(DLC)sn 84020135</subfield><subfield code="w">(OCoLC)10368271</subfield></datafield><datafield ind1="0" ind2="8" tag="776"><subfield code="i">Online version:</subfield><subfield code="t">Vicksburg daily Whig (Online)</subfield><subfield code="w">(OCoLC)192107553</subfield></datafield><datafield ind1="0" ind2="0" tag="780"><subfield code="t">Vicksburg register (Vicksburg, Miss. : 1836)</subfield><subfield code="w">(DLC)sn 84020045</subfield><subfield code="w">(OCoLC)10279129</subfield></datafield></record>